@misc{bafoeg_law,
	title = {{BAföG} - {Table} of {Contents}},
  year = {2025},
	url = {https://www.gesetze-im-internet.de/baf_g/index.html},
	urldate = {2025-04-16},
	author = {{Bundesministerium der Justiz}},
	file = {BAföG - nichtamtliches Inhaltsverzeichnis:/home/alexer/Zotero/storage/JLT4Q8EY/index.html:text/html},
}

@misc{bafoeg28,
  title = {{DIP} - {Achtundzwanzigstes} {Gesetz} zur Änderung des {Bundesausbildungsförderungsgesetzes} (28. {BAföGÄndG})},
  url = {https://dip.bundestag.de/vorgang/achtundzwanzigstes-gesetz-zur-%C3%A4nderung-des-bundesausbildungsf%C3%B6rderungsgesetzes-28-baf%C3%B6g%C3%A4ndg/288057?term=baf%C3%B6g%C3%A4ndg&f.wahlperiode=20&f.wahlperiode=21&rows=25&pos=2&ctx=d},
  urldate = {2025-04-16},
  author = {{Bundestag}},
  year = {2022},
  file = {DIP - Achtundzwanzigstes Gesetz zur Änderung des Bundesausbildungsförderungsgesetzes (28. BAföGÄndG):/home/alexer/Zotero/storage/UU4Y3NKQ/288057.html:text/html},
}

@misc{bafoeg27,
  title = {{DIP} - {Siebenundzwanzigstes} {Gesetz} zur Änderung des {Bundesausbildungsförderungsgesetzes} (27. {BAföGÄndG})},
  url = {https://dip.bundestag.de/vorgang/siebenundzwanzigstes-gesetz-zur-%C3%A4nderung-des-bundesausbildungsf%C3%B6rderungsgesetzes-27-baf%C3%B6g%C3%A4ndg/286491},
  urldate = {2025-04-16},
  author = {{Bundestag}},
  year = {2022},
  file = {DIP - Siebenundzwanzigstes Gesetz zur Änderung des Bundesausbildungsförderungsgesetzes (27. BAföGÄndG):/home/alexer/Zotero/storage/PCG5US4E/286491.html:text/html},
}

@misc{bafoeg29,
  title = {{DIP} - {Neunundzwanzigstes} {Gesetz} zur Änderung des {Bundesausbildungsförderungsgesetzes} (29. {BAföGÄndG})},
  url = {https://dip.bundestag.de/vorgang/neunundzwanzigstes-gesetz-zur-%C3%A4nderung-des-bundesausbildungsf%C3%B6rderungsgesetzes-29-baf%C3%B6g%C3%A4ndg/309829?term=Gesetz%20zur%20%C3%84nderung%20des%20Bundesausbildungsf%C3%B6rderungsgesetzes&f.wahlperiode=20&f.wahlperiode=21&rows=25&pos=1&ctx=d},
  urldate = {2025-04-16},
  author = {{Bundestag}},
  year = {2024},
  file = {DIP - Neunundzwanzigstes Gesetz zur Änderung des Bundesausbildungsförderungsgesetzes (29. BAföGÄndG):/home/alexer/Zotero/storage/7XUHRGRY/309829.html:text/html},
}

@misc{bafoeg26,
  title = {{DIP} - {Sechsundzwanzigstes} {Gesetz} zur Änderung des {Bundesausbildungsförderungsgesetzes} (26. {BAföGÄndG})},
  url = {https://dip.bundestag.de/vorgang/sechsundzwanzigstes-gesetz-zur-%C3%A4nderung-des-bundesausbildungsf%C3%B6rderungsgesetzes-26-baf%C3%B6g%C3%A4ndg/243803?term=26.%20baf%C3%B6g%C3%A4ndg&rows=25&pos=1&ctx=d},
  urldate = {2025-04-16},
  author = {{Bundestag}},
  year = {2019},
  file = {DIP - Sechsundzwanzigstes Gesetz zur Änderung des Bundesausbildungsförderungsgesetzes (26. BAföGÄndG):/home/alexer/Zotero/storage/M77JCSU8/243803.html:text/html},
}

@misc{bafoeg25,
  title = {{DIP} - {Fünfundzwanzigstes} {Gesetz} zur Änderung des {Bundesausbildungsförderungsgesetzes} (25. {BAföGÄndG})},
  url = {https://dip.bundestag.de/vorgang/f%C3%BCnfundzwanzigstes-gesetz-zur-%C3%A4nderung-des-bundesausbildungsf%C3%B6rderungsgesetzes-25-baf%C3%B6g%C3%A4ndg/61994?term=25.%20baf%C3%B6g%C3%A4ndg&rows=25&pos=1&ctx=d},
  urldate = {2025-04-16},
  author = {{Bundestag}},
  year = {2014},
}

@misc{bafoeg24,
  title = {{DIP} - {Vierundzwanzigstes} {Gesetz} zur Änderung des {Bundesausbildungsförderungsgesetzes}},
  url = {https://dip.bundestag.de/vorgang/vierundzwanzigstes-gesetz-zur-%C3%A4nderung-des-bundesausbildungsf%C3%B6rderungsgesetzes/39293?term=...%20Gesetz%20zur%20%C3%84nderung%20des%20Bundesausbildungsf%C3%B6rderungsgesetzes&f.metatyp=Gesetze&rows=25&pos=6&ctx=d},
  urldate = {2025-04-16},
  author = {{Bundestag}},
  year = {2011},
  file = {DIP - Vierundzwanzigstes Gesetz zur Änderung des Bundesausbildungsförderungsgesetzes:/home/alexer/Zotero/storage/D8DFPZFK/39293.html:text/html},
}

@misc{bafoeg23,
  title = {{DIP} - {Dreiundzwanzigstes} {Gesetz} zur Änderung des {Bundesausbildungsförderungsgesetzes} (23. {BAföGÄndG})},
  url = {https://dip.bundestag.de/vorgang/dreiundzwanzigstes-gesetz-zur-%C3%A4nderung-des-bundesausbildungsf%C3%B6rderungsgesetzes-23-baf%C3%B6g%C3%A4ndg/26200?term=...%20Gesetz%20zur%20%C3%84nderung%20des%20Bundesausbildungsf%C3%B6rderungsgesetzes&f.metatyp=Gesetze&rows=25&pos=14&ctx=d},
  urldate = {2025-04-16},
  author = {{Bundestag}},
  year = {2010},
  file = {DIP - Dreiundzwanzigstes Gesetz zur Änderung des Bundesausbildungsförderungsgesetzes (23. BAföGÄndG):/home/alexer/Zotero/storage/D8756XKY/26200.html:text/html},
}

@misc{bafoeg22,
  title = {{DIP} - {Zweiundzwanzigstes} {Gesetz} zur Änderung des {Bundesausbildungsförderungsgesetzes} (22. {BAföGÄndG}) ({G}-{SIG}: 16019394)},
  url = {https://dip.bundestag.de/vorgang/zweiundzwanzigstes-gesetz-zur-%C3%A4nderung-des-bundesausbildungsf%C3%B6rderungsgesetzes-22-baf%C3%B6g%C3%A4ndg-g-sig-16019394/9013},
  urldate = {2025-04-16},
  author = {{Bundestag}},
  year = {2007},
  file = {DIP - Zweiundzwanzigstes Gesetz zur Änderung des Bundesausbildungsförderungsgesetzes (22. BAföGÄndG) (G-SIG\: 16019394):/home/alexer/Zotero/storage/4QN5G39U/9013.html:text/html},
}

@misc{bafoeg21,
  title = {{DIP} - {Einundzwanzigstes} {Gesetz} zur Änderung des {Bundesausbildungsförderungsgesetzes} (21. {BAföGÄndG}) ({G}-{SIG}: 15019440)},
  url = {https://dip.bundestag.de/vorgang/einundzwanzigstes-gesetz-zur-%C3%A4nderung-des-bundesausbildungsf%C3%B6rderungsgesetzes-21-baf%C3%B6g%C3%A4ndg-g-sig-15019440/95499},
  urldate = {2025-04-16},
  author = {{Bundestag}},
  year = {2004},
  file = {DIP - Einundzwanzigstes Gesetz zur Änderung des Bundesausbildungsförderungsgesetzes (21. BAföGÄndG) (G-SIG\: 15019440):/home/alexer/Zotero/storage/XNPWXF8X/95499.html:text/html},
}

@misc{bafoeg20,
  title = {{DIP} - {Zwanzigstes} {Gesetz} zur Änderung des {Bundesausbildungsförderungsgesetzes} (20.{BAföGÄndG}) ({G}-{SIG}: 14019056)},
  url = {https://dip.bundestag.de/vorgang/zwanzigstes-gesetz-zur-%C3%A4nderung-des-bundesausbildungsf%C3%B6rderungsgesetzes-20baf%C3%B6g%C3%A4ndg-g-sig-14019056/103983},
  urldate = {2025-04-16},
  author = {{Bundestag}},
  year = {1999},
  file = {DIP - Zwanzigstes Gesetz zur Änderung des Bundesausbildungsförderungsgesetzes (20.BAföGÄndG) (G-SIG\: 14019056):/home/alexer/Zotero/storage/52Y262AJ/103983.html:text/html},
}
