@misc{estg_law,
	title = {§ 32a {EStG} {Einkommensteuertarif} {Einkommensteuergesetz}},
	url = {https://www.buzer.de/32a_EStG.htm},
	urldate = {2025-05-05},
	author = {{Buzer}},
	year = {2024},
	file = {§ 32a EStG Einkommensteuertarif Einkommensteuergesetz:/home/alexer/Zotero/storage/76XTSE42/32a_EStG.html:text/html},
}


@misc{estg_2025,
	title = {Fassung § 32a {EStG} a.{F}. bis 01.01.2025 (geändert durch {Artikel} 1 {G}. v. 23.12.2024 {BGBl}. 2024 {I} {Nr}. 449)},
	url = {https://www.buzer.de/gesetz/4499/al210146-0.htm},
	urldate = {2025-05-06},
	author = {{Buzer}},
	year = {2024},
	note = {2024-12-23}
}

@misc{estg_2024,
	title = {Fassung § 32a {EStG} a.{F}. bis 01.01.2024 (geändert durch {Artikel} 1 {G}. v. 02.12.2024 {BGBl}. 2024 {I} {Nr}. 386)},
	url = {https://www.buzer.de/gesetz/4499/al208540-0.htm},
	urldate = {2025-05-06},
	author = {{Buzer}},
	year = {2024},
	note = {2024-12-02}
}

@misc{estg_2023,
	title = {Fassung § 32a {EStG} a.{F}. bis 01.01.2023 (geändert durch {Artikel} 2 {G}. v. 08.12.2022 {BGBl}. {I} {S}. 2230)},
	url = {https://www.buzer.de/gesetz/4499/al170565-0.htm},
	urldate = {2025-05-06},
	author = {{Buzer}},
	year = {2022},
	note = {2022-12-08}
}

@misc{estg_2022,
	title = {Fassung § 32a {EStG} a.{F}. bis 01.01.2022 (geändert durch {Artikel} 1 {G}. v. 23.05.2022 {BGBl}. {I} {S}. 749)},
	url = {https://www.buzer.de/gesetz/4499/al164545-0.htm},
	urldate = {2025-05-06},
	author = {{Buzer}},
	year = {2022},
	note = {2022-05-23}
}

@misc{estg_2021,
	title = {Fassung § 32a {EStG} a.{F}. bis 01.01.2021 (geändert durch {Artikel} 1 {G}. v. 01.12.2020 {BGBl}. {I} {S}. 2616)},
	url = {https://www.buzer.de/gesetz/4499/al119380-0.htm},
	urldate = {2025-05-06},
	author = {{Buzer}},
	year = {2020},
	note = {2020-12-01}
}

@misc{estg_2020,
	title = {Fassung § 32a {EStG} a.{F}. bis 01.01.2020 (geändert durch {Artikel} 3 {G}. v. 29.11.2018 {BGBl}. {I} {S}. 2210)},
	url = {https://www.buzer.de/gesetz/4499/al82512-0.htm},
	urldate = {2025-05-06},
	author = {{Buzer}},
	year = {2018},
	note = {2018-11-29}
}

@misc{estg_2019,
	title = {Fassung § 32a {EStG} a.{F}. bis 01.01.2019 (geändert durch {Artikel} 1 {G}. v. 29.11.2018 {BGBl}. {I} {S}. 2210)},
	url = {https://www.buzer.de/gesetz/4499/al68661-0.htm},
	urldate = {2025-05-06},
	author = {{Buzer}},
	year = {2018},
	note = {2018-11-29}
}

@misc{estg_2018,
	title = {Fassung § 32a {EStG} a.{F}. bis 01.01.2018 (geändert durch {Artikel} 9 {G}. v. 20.12.2016 {BGBl}. {I} {S}. 3000; zuletzt geändert durch {Artikel} 9 {G}. v. 23.06.2017 {BGBl}. {I} {S}. 1682)},
	url = {https://www.buzer.de/gesetz/4499/al65189-0.htm},
	urldate = {2025-05-06},
	author = {{Buzer}},
	year = {2016},
	note = {2016-12-20}
}

@misc{estg_2017,
	title = {Fassung § 32a {EStG} a.{F}. bis 01.01.2017 (geändert durch {Artikel} 8 {G}. v. 20.12.2016 {BGBl}. {I} {S}. 3000)},
	url = {https://www.buzer.de/gesetz/4499/al58175-0.htm},
	urldate = {2025-05-06},
	author = {{Buzer}},
	year = {2016},
	note = {2016-12-20}
}

@misc{estg_2016,
	title = {Fassung § 32a {EStG} a.{F}. bis 01.01.2016 (geändert durch {Artikel} 2 {G}. v. 16.07.2015 {BGBl}. {I} {S}. 1202)},
	url = {https://www.buzer.de/gesetz/4499/al52738-0.htm},
	urldate = {2025-05-06},
	author = {{Buzer}},
	year = {2015},
	note = {2015-07-16}
}

@misc{estg_2015,
	title = {Fassung § 32a {EStG} a.{F}. bis 23.07.2015 (geändert durch {Artikel} 1 {G}. v. 16.07.2015 {BGBl}. {I} {S}. 1202)},
	url = {https://www.buzer.de/gesetz/4499/al47932-0.htm},
	urldate = {2025-05-06},
	author = {{Buzer}},
	year = {2015},
	note = {2015-07-16}
}

@misc{estg_2014,
	title = {Fassung § 32a {EStG} a.{F}. bis 01.01.2014 (geändert durch {Artikel} 1 {G}. v. 20.02.2013 {BGBl}. {I} {S}. 283)},
	url = {https://www.buzer.de/gesetz/4499/al42127-0.htm},
	urldate = {2025-05-06},
	author = {{Buzer}},
	year = {2013},
	note = {2013-02-20}
}

@misc{estg_2013,
	title = {Fassung § 32a {EStG} a.{F}. bis 01.01.2013 (geändert durch {Artikel} 1 {G}. v. 20.02.2013 {BGBl}. {I} {S}. 283)},
	url = {https://www.buzer.de/gesetz/4499/al37345-0.htm},
	urldate = {2025-05-06},
	author = {{Buzer}},
	year = {2013},
	note = {2013-02-20}
}

@misc{estg_2012,
	title = {Fassung § 32a {EStG} a.{F}. bis 01.01.2012 (geändert durch {Artikel} 1 {G}. v. 01.11.2011 {BGBl}. {I} {S}. 2131)},
	url = {https://www.buzer.de/gesetz/4499/al31144-0.htm},
	urldate = {2025-05-06},
	author = {{Buzer}},
	year = {2011},
	note = {2011-11-01}
}

@misc{estg_lohninfo_2012,
	title = {Einkommensteuertarif 2010 bis 2012},
	url = {https://www.lohn-info.de/einkommensteuertarif_2010_2012.html},
	urldate = {2025-05-06},
	author = {{Liebig, André}},
	year = {2012},
	note = {2012}
}

@misc{estg_2007,
	title = {Fassung § 32a {EStG} a.{F}. bis 18.08.2007 (geändert durch {Artikel} 1 {G}. v. 14.08.2007 {BGBl}. {I} {S}. 1912)},
	url = {https://www.buzer.de/gesetz/4499/al8064-0.htm},
	urldate = {2025-05-06},
	author = {{Buzer}},
	year = {2007},
	file = {Fassung § 32a EStG a.F. bis 18.08.2007 (geändert durch Artikel 1 G. v. 14.08.2007 BGBl. I S. 1912):/home/alexer/Zotero/storage/X8YCUGZS/al8064-0.html:text/html},
}

@misc{estg_2006,
	title = {Fassung § 32a {EStG} a.{F}. bis 01.01.2007 (geändert durch {Artikel} 1 {G} v 19.07.2006 {BGBl}. {I} 1652)},
	url = {https://www.buzer.de/gesetz/4499/al4453-0.htm},
	urldate = {2025-05-06},
	author = {{Buzer}},
	year = {2006},
	file = {Fassung § 32a EStG a.F. bis 01.01.2007 (geändert durch Artikel 1 G v 19.07.2006 BGBl. I 1652):/home/alexer/Zotero/storage/R9JLIWCI/al4453-0.html:text/html},
}
