@misc{solzg_2018,
	title = {Fassung § 3 {SolzG} 1995 a.{F}. bis 01.01.2019 (geändert durch {Artikel} 4 {G}. v. 29.11.2018 {BGBl}. {I} {S}. 2210)},
	url = {https://www.buzer.de/gesetz/282/al68995-0.htm},
	urldate = {2025-05-05},
	author = {{Buzer}},
	year = {2018},
	file = {Fassung § 3 SolzG 1995 a.F. bis 01.01.2019 (geändert durch Artikel 4 G. v. 29.11.2018 BGBl. I S. 2210):/home/alexer/Zotero/storage/56XYMIB6/al68995-0.html:text/html},
}

@misc{solzg_2019,
	title = {Fassung § 3 {SolzG} 1995 a.{F}. bis 13.12.2019 (geändert durch {Artikel} 1 {G}. v. 10.12.2019 {BGBl}. {I} {S}. 2115)},
	url = {https://www.buzer.de/gesetz/282/al81060-0.htm},
	urldate = {2025-05-05},
	author = {{Buzer}},
	year = {2019},
	file = {Fassung § 3 SolzG 1995 a.F. bis 13.12.2019 (geändert durch Artikel 1 G. v. 10.12.2019 BGBl. I S. 2115):/home/alexer/Zotero/storage/J4X9SMYT/al81060-0.html:text/html},
}

@misc{solzg_2023,
	title = {Artikel 5 {InflAusG} {Weitere} Änderung des {Solidaritätszuschlaggesetzes} 1995 {Inflationsausgleichsgesetz}},
	url = {https://www.buzer.de/5_InflAusG.htm},
	urldate = {2025-05-05},
	author = {{Buzer}},
	year = {2023},
	file = {Artikel 5 InflAusG Weitere Änderung des Solidaritätszuschlaggesetzes 1995 Inflationsausgleichsgesetz:/home/alexer/Zotero/storage/NBN9FQYK/5_InflAusG.html:text/html},
}
